%% This BibTeX bibliography file was created using BibDesk.
%% http://bibdesk.sourceforge.net/

%% Created for Jordi Casas Roma at 2018-05-29 18:21:49 +0200 

%% Saved with string encoding Unicode (UTF-8) 

@article{intrusionSystems,
	Author = {Rebecca Bace and Peter Mell},
	Journal = {National Institute of Standards and Technology (NIST)},
	Title = {Intrusion Detection Systems},
	Year = {2001}
}
	
@article{HIDS,
	Author = {Giovanni Vigna and Christopher Kruegel},
	Title = {Host-Based Intrusion Detection},
	Year = {2005}
}

@article{surveyIDS,
	Author = {Stefan Axelsson},
	Journal = {Department of Computer Engineering, Chalmers University of Technology},
	Title = {Research in intrusion-detection systems: a survey},
	Year = {1998}
}

@article{garcia2009anomaly,
  title={Anomaly-based network intrusion detection: Techniques, systems and challenges},
  author={Garcia-Teodoro, Pedro and Diaz-Verdejo, Jesus and Maci{\'a}-Fern{\'a}ndez, Gabriel and V{\'a}zquez, Enrique},
  journal={computers \& security},
  volume={28},
  number={1-2},
  pages={18--28},
  year={2009},
  publisher={Elsevier}
}