%% This BibTeX bibliography file was created using BibDesk.
%% http://bibdesk.sourceforge.net/

%% Created for Jordi Casas Roma at 2018-05-29 18:21:49 +0200 

%% Saved with string encoding Unicode (UTF-8) 

@article{intrusionSystems,
	Author = {Rebecca Bace and Peter Mell},
	Journal = {National Institute of Standards and Technology (NIST)},
	Title = {Intrusion Detection Systems},
	Year = {2001}
}
	
@article{HIDS,
	Author = {Giovanni Vigna and Christopher Kruegel},
	Title = {Host-Based Intrusion Detection},
	Year = {2005}
}

@article{surveyIDS,
	Author = {Stefan Axelsson},
	Journal = {Department of Computer Engineering, Chalmers University of Technology},
	Title = {Research in intrusion-detection systems: a survey},
	Year = {1998}
}

@article{garcia2009anomaly,
  title={Anomaly-based network intrusion detection: Techniques, systems and challenges},
  author={Garcia-Teodoro, Pedro and Diaz-Verdejo, Jesus and Maci{\'a}-Fern{\'a}ndez, Gabriel and V{\'a}zquez, Enrique},
  journal={computers \& security},
  volume={28},
  number={1-2},
  pages={18--28},
  year={2009},
  publisher={Elsevier}
}

@article{samuel2000some,
  title={Some studies in machine learning using the game of checkers},
  author={Samuel, Arthur L},
  journal={IBM Journal of research and development},
  volume={44},
  number={1.2},
  pages={206--226},
  year={2000},
  publisher={IBM}
}

@book{russell2016artificial,
  title={Artificial intelligence: a modern approach},
  author={Russell, Stuart J and Norvig, Peter},
  year={2016},
  publisher={Malaysia; Pearson Education Limited,}
}

@article{lecun2015deep,
  title={Deep learning},
  author={LeCun, Yann and Bengio, Yoshua and Hinton, Geoffrey},
  journal={nature},
  volume={521},
  number={7553},
  pages={436},
  year={2015},
  publisher={Nature Publishing Group}
}

@book{haykin1994neural,
  title={Neural networks},
  author={Haykin, Simon},
  volume={2},
  year={1994},
  publisher={Prentice hall New York}
}

@book{Liu2012,
author="Liu, Qiong
and Wu, Ying",
title="Supervised Learning",
bookTitle="Encyclopedia of the Sciences of Learning",
year="2012",
publisher="Springer US",
address="Boston, MA"
}

@book{james2013introduction,
  author = {James, Gareth and Witten, Daniela and Hastie, Trevor and Tibshirani, Robert},
  isbn = {978-1-4614-7137-0},
  issn = {1431-875X},
  keywords = {R machine-learning statistics},
  publisher = {Springer},
  series = {Springer Texts in Statistics},
  title = {An Introduction to Statistical Learning -- with Applications in R},
  volume = 103,
  year = 2013
}

@article{rosenblatt1958perceptron,
  title={The perceptron: a probabilistic model for information storage and organization in the brain.},
  author={Rosenblatt, Frank},
  journal={Psychological review},
  volume={65},
  number={6},
  pages={386},
  year={1958},
  publisher={American Psychological Association}
}

@article{freund1996experiments,
  title={Experiments with a new boosting algorithm},
  author={Freund, Yoav and Schapire, Robert E and others},
  booktitle={icml},
  volume={96},
  pages={148--156},
  year={1996},
  organization={Citeseer}
}

@misc{webgbm,
  author = {Ben Gorman},
  title = {A Kaggle Master Explains Gradient Boosting},
  year = {2017},
  note = {Last accessed 27 March 2019},
  url = {http://blog.kaggle.com/2017/01/23/a-kaggle-master-explains-gradient-boosting/}
}

@article{chen2016xgboost,
  title={Xgboost: A scalable tree boosting system},
  author={Chen, Tianqi and Guestrin, Carlos},
  booktitle={Proceedings of the 22nd acm sigkdd international conference on knowledge discovery and data mining},
  pages={785--794},
  year={2016},
  organization={ACM}
}

@article{ke2017lightgbm,
  title={Lightgbm: A highly efficient gradient boosting decision tree},
  author={Ke, Guolin and Meng, Qi and Finley, Thomas and Wang, Taifeng and Chen, Wei and Ma, Weidong and Ye, Qiwei and Liu, Tie-Yan},
  booktitle={Advances in Neural Information Processing Systems},
  pages={3146--3154},
  year={2017}
}

@misc{kagglehome,
  title = {Home Credit Default Risk},
  year = {2018},
  note = {Last accessed 27 March 2019},
  url = {https://www.kaggle.com/c/home-credit-default-risk}
}

@misc{kagglefav,
  title = {Corporaci√≥n Favorita Grocery Sales Forecasting},
  year = {2018},
  note = {Last accessed 27 March 2019},
  url = {https://www.kaggle.com/c/favorita-grocery-sales-forecasting/}
}

@misc{kagglegoogle,
  title = {Google Analytics Customer Revenue Prediction},
  year = {2019},
  note = {Last accessed 27 March 2019},
  url = https://www.kaggle.com/c/ga-customer-revenue-prediction}
}

@misc{PCAscratch,
  title = {How to Calculate Principal Component Analysis (PCA) from Scratch in Python},
  year = {2018},
  note = {Last accessed 04 April 2019},
  url = https://machinelearningmastery.com/calculate-principal-component-analysis-scratch-python/}
}

@misc{covWikipedia,
  title = {Covariance Matrix},
  year = {2019},
  note = {Last accessed 04 April 2019},
  url = https://en.wikipedia.org/wiki/Covariance_matrix}
}

@inproceedings{boriah2008similarity,
  title={Similarity measures for categorical data: A comparative evaluation},
  author={Boriah, Shyam and Chandola, Varun and Kumar, Vipin},
  booktitle={Proceedings of the 2008 SIAM international conference on data mining},
  pages={243--254},
  year={2008},
  organization={SIAM}
}

@inproceedings{ester1996density,
  title={A density-based algorithm for discovering clusters in large spatial databases with noise.},
  author={Ester, Martin and Kriegel, Hans-Peter and Sander, J{\"o}rg and Xu, Xiaowei and others},
  booktitle={Kdd},
  year={1996}
}

@article{pcakmeans,
  title={Inferring and Characterizing Internet-scale IoT Probing Campaigns by Leveraging a Novel Data Dimensionality Reduction Technique.},
  author={Anonymous},
  year={2018},
  booktitle={IoT Probing Campaigns},
  journal={ACSAC}
}

@article{ng2011sparse,
  title={Sparse autoencoder},
  author={Ng, Andrew and others},
  journal={CS294A Lecture notes},
  volume={72},
  number={2011},
  pages={1--19},
  year={2011},
  publisher={Stanford University}
}

@misc{sniffer,
  title = {Analizador de paquetes},
  year = {2019},
  note = {Last accessed 03 June 2019},
  url = https://es.wikipedia.org/wiki/Analizador_de_paquetes}
}

@techreport{postel1981transmission,
  title={Transmission control protocol},
  author={Postel, Jon},
  year={1981}
}

@techreport{postel1981internet,
  title={Internet protocol},
  author={Postel, Jon},
  year={1981}
}

@misc{fe,
  title = {Feature Engineering: What Powers Machine Learning},
  year = {2019},
  note = {Last accessed 04 June 2019},
  url = https://towardsdatascience.com/feature-engineering-what-powers-machine-learning-93ab191bcc2d}
}

@misc{tcpdump,
  title = {TCPDUMP/LIBCAP public repository},
  year = {2019},
  note = {Last accessed 04 June 2019},
  url = https://www.tcpdump.org/}
}

@misc{ibmiot,
  title = {Anatomy of an IoT malware attack},
  year = {2017},
  note = {Last accessed 04 June 2019},
  url = https://developer.ibm.com/articles/iot-anatomy-iot-malware-attack/}
}

@misc{telnetport,
  title = {What is happening on 2323/TCP?},
  year = {2016},
  note = {Last accessed 04 June 2019},
  url = https://isc.sans.edu/forums/diary/What+is+happening+on+2323TCP/21563/}
}

@inproceedings{liu2008isolation,
  title={Isolation forest},
  author={Liu, Fei Tony and Ting, Kai Ming and Zhou, Zhi-Hua},
  booktitle={2008 Eighth IEEE International Conference on Data Mining},
  pages={413--422},
  year={2008},
  organization={IEEE}
}

@article{DBLP:journals/corr/RibeiroSG16,
  author    = {Marco T{\'{u}}lio Ribeiro and
               Sameer Singh and
               Carlos Guestrin},
  title     = {"Why Should {I} Trust You?": Explaining the Predictions of Any Classifier},
  journal   = {CoRR},
  volume    = {abs/1602.04938},
  year      = {2016},
  url       = {http://arxiv.org/abs/1602.04938},
  archivePrefix = {arXiv},
  eprint    = {1602.04938},
  timestamp = {Mon, 13 Aug 2018 16:49:09 +0200},
  biburl    = {https://dblp.org/rec/bib/journals/corr/RibeiroSG16},
  bibsource = {dblp computer science bibliography, https://dblp.org}
}

@misc{bankex,
  title = {Convolutional Neural Network on a structured bank customer data},
  year = {2018},
  note = {Last accessed 08 June 2019},
  url = https://towardsdatascience.com/convolutional-neural-network-on-a-structured-bank-customer-data-358e6b8aa759}
}
